@article{adkison-cunningham-2015,
  author = {Adkison, Milo D. and Cunningham, Curry J.},
  title = {The effects of salmon abundance and run timing on the performance of management by emergency order},
  journal = {Canadian Journal of Fisheries and Aquatic Sciences},
  volume = {72},
  number = {10},
  pages = {1518-1526},
  year = {2015},
  doi = {10.1139/cjfas-2015-0174},
  URL = {https://doi.org/10.1139/cjfas-2015-0174},
eprint = {https://doi.org/10.1139/cjfas-2015-0174}
}

@Book{xie-2015,
  title = {Dynamic Documents with {R} and knitr},
  author = {Yihui Xie},
  publisher = {Chapman and Hall/CRC},
  address = {Boca Raton, Florida},
  year = {2015},
  edition = {2nd},
  note = {ISBN 978-1498716963},
  url = {http://yihui.name/knitr/},
}

@Book{cooley-1963,
  title = {Politics and conservation: the decline of the Alaska salmon},
  author = {R.A. Cooley},
  year = {1963},
  publisher = {Harper and Row},
  pages = {230}
}

@article{catalano-jones-2014,
  author = {Matthew J. Catalano and Michael L. Jones},
  title = {A Simulation-Based Evaluation of In-Season Management Tactics for Anadromous   Fisheries: Accounting for Risk in the Yukon River Fall Chum Salmon Fishery},
  journal = {North American Journal of Fisheries Management},
  volume = {34},
  number = {6},
  pages = {1227-1241},
  year  = {2014},
  publisher = {Taylor & Francis},
  doi = {10.1080/02755947.2014.951801},
  URL = { https://doi.org/10.1080/02755947.2014.951801},
  eprint = {https://doi.org/10.1080/02755947.2014.951801}
}
