@article{adkison-peterman-2000,
  author = {Milo D. Adkison and Randall M. Peterman},
  title = {Predictability of {Bristol Bay, Alaska}, Sockeye Salmon Returns One to Four Years in the Future},
  journal = {North American Journal of Fisheries Management},
  volume = {20},
  number = {1},
  pages = {69-80},
  year  = {2000},
  publisher = {Taylor & Francis},
  doi = {10.1577/1548-8675(2000)020<0069:POBBAS>2.0.CO;2},
  URL = {https://doi.org/10.1577/1548-8675(2000)020<0069:POBBAS>2.0.CO;2},
  eprint = {https://doi.org/10.1577/1548-8675(2000)020<0069:POBBAS>2.0.CO;2}
}

@article{adkison-cunningham-2015,
	doi = {10.1139/cjfas-2015-0174},
	url = {https://doi.org/10.1139%2Fcjfas-2015-0174},
	year = 2015,
	month = {oct},
	publisher = {Canadian Science Publishing},
	volume = {72},
	number = {10},
	pages = {1518--1526},
	author = {Milo D. Adkison and Curry J. Cunningham},
	editor = {Bror Jonsson},
	title = {The effects of salmon abundance and run timing on the performance of management by emergency order},
	journal = {Canadian Journal of Fisheries and Aquatic Sciences}
}

@article{anderson-beer-2009,
	doi = {10.1890/08-0477.1},
	url = {https://doi.org/10.1890%2F08-0477.1},
	year = 2009,
	month = {dec},
	publisher = {Wiley},
	volume = {19},
	number = {8},
	pages = {1989--2003},
	author = {James J. Anderson and W. Nicholas Beer},
	title = {Oceanic, riverine, and genetic influences on spring {Chinook} salmon migration timing},
	journal = {Ecological Applications}
}

@article{clark-etal-2015,
	doi = {10.1080/00028487.2015.1031281},
	url = {https://doi.org/10.1080%2F00028487.2015.1031281},
	year = 2015,
	month = {jun},
	publisher = {Wiley},
	volume = {144},
	number = {4},
	pages = {829--836},
	author = {Sydney C. Clark and Theresa L. Tanner and Suresh A. Sethi and Kale T. Bentley and Daniel E. Schindler},
	title = {Migration Timing of Adult {Chinook} Salmon into the {Togiak River}, {Alaska}, Watershed: Is There Evidence for Stock Structure?},
	journal = {Transactions of the American Fisheries Society}
}

@article{cooke-etal-2008,
	doi = {10.1577/1548-8446-33.7.321},
	url = {https://doi.org/10.1577%2F1548-8446-33.7.321},
	year = 2008,
	month = {jul},
	publisher = {Wiley},
	volume = {33},
	number = {7},
	pages = {321--339},
	author = {Steven J. Cooke and S. G. Hinch and A. P. Farrell and D. A. Patterson and K. Miller-Saunders and D. W. Welch and M. R. Donaldson and K. C. Hanson and G. T. Crossin and M. T. Mathes and A. G. Lotto and K. A. Hruska and I. C. Olsson and G. N. Wagner and R. Thomson and R. Hourston and K. K. English and S. Larsson and J. M. Shrimpton and G. Van der Kraak},
	title = {Developing a Mechanistic Understanding of Fish Migrations by Linking Telemetry with Physiology, Behavior, Genomics and Experimental Biology: An Interdisciplinary Case Study on Adult {Fraser River} Sockeye Salmon},
	journal = {Fisheries}
}

@article{burger-etal-1985,
	doi = {10.1139/f85-089},
	url = {https://doi.org/10.1139%2Ff85-089},
	year = 1985,
	month = {apr},
	publisher = {Canadian Science Publishing},
	volume = {42},
	number = {4},
	pages = {693--700},
	author = {Carl V. Burger and Richard L. Wilmot and David B. Wangaard},
	title = {Comparison of Spawning Areas and Times for Two Runs of {Chinook} Salmon (\emph{{Oncorhynchus} tshawytscha}) in the {Kenai River, Alaska}},
	journal = {Canadian Journal of Fisheries and Aquatic Sciences}
}

@article{catalano-jones-2014,
	doi = {10.1080/02755947.2014.951801},
	url = {https://doi.org/10.1080%2F02755947.2014.951801},
	year = 2014,
	month = {nov},
	publisher = {Wiley},
	volume = {34},
	number = {6},
	pages = {1227--1241},
	author = {Matthew J. Catalano and Michael L. Jones},
	title = {A Simulation-Based Evaluation of In-Season Management Tactics for Anadromous Fisheries: Accounting for Risk in the {Yukon River} Fall Chum Salmon Fishery},
	journal = {North American Journal of Fisheries Management}
}

@article{cooperman-etal-2010,
	doi = {10.1086/650473},
	url = {https://doi.org/10.1086%2F650473},
	year = 2010,
	month = {may},
	publisher = {University of Chicago Press},
	volume = {83},
	number = {3},
	pages = {459--472},
	author = {M. S. Cooperman and S. G. Hinch and G. T. Crossin and S. J. Cooke and D. A. Patterson and I. Olsson and A. G. Lotto and D. W. Welch and J. M. Shrimpton and G. Van Der Kraak and A. P. Farrell},
	title = {Effects of Experimental Manipulations of Salinity and Maturation Status on the Physiological Condition and Mortality of Homing Adult Sockeye Salmon Held in a Laboratory},
	journal = {Physiological and Biochemical Zoology}
}

@book{hasler-scholz-1983,
	doi = {10.1007/978-3-642-82070-0},
	url = {https://doi.org/10.1007%2F978-3-642-82070-0},
	year = 1983,
	publisher = {Springer Berlin Heidelberg},
	author = {Arthur D. Hasler and Allan T. Scholz},
	title = {Olfactory Imprinting and Homing in Salmon}
}

@Article{fried-hilborn-1988,
  doi = {10.1139/f88-103},
  url = {https://doi.org/10.1139%2Ff88-103},
  year = {1988},
  month = {may},
  publisher = {Canadian Science Publishing},
  volume = {45},
  number = {5},
  pages = {850--855},
  author = {Stephen M. Fried and Ray Hilborn},
  title = {Inseason Forecasting of {Bristol Bay, Alaska}, Sockeye Salmon (\emph{{Oncorhynchus} nerka}) Abundance Using {Bayesian} Probability Theory},
  journal = {Canadian Journal of Fisheries and Aquatic Sciences},
}

@article{hinch-etal-2012,
  author = {S. G. Hinch and S. J. Cooke and A. P. Farrell and K. M. Miller and M. Lapointe and D. A. Patterson},
  year = {2012},
  title = {Dead fish swimming: a review of research on the early migration and high premature mortality in adult {Fraser River} sockeye salmon \emph{{Oncorhynchus} nerka}},
  journal = {Journal of Fish Biology},
  volume = {81},
  number = {2},
  pages = {576--599},
}

@article{hodgson-etal-2006,
	doi = {10.1111/j.1365-2419.2005.00354.x},
	url = {https://doi.org/10.1111%2Fj.1365-2419.2005.00354.x},
	year = 2006,
	month = {jan},
	publisher = {Wiley},
	volume = {15},
	number = {1},
	pages = {1--24},
	author = {S. Hodgson and T. P. Quinn and R. Hilborn and R. C. Francis and D. E. Rogers},
	title = {Marine and freshwater climatic factors affecting interannual variation in the timing of return migration to fresh water of sockeye salmon (\emph{{Oncorhynchus} nerka})},
	journal = {Fisheries Oceanography}
}

@article{keefer-etal-2008,
	doi = {10.1577/t07-008.1},
	url = {https://doi.org/10.1577%2Ft07-008.1},
	year = 2008,
	month = {jul},
	publisher = {Wiley},
	volume = {137},
	number = {4},
	pages = {1120--1133},
	author = {Matthew L. Keefer and Christopher A. Peery and Christopher C. Caudill},
	title = {Migration Timing of {Columbia River} Spring {Chinook} Salmon: Effects of Temperature, River Discharge, and Ocean Environment},
	journal = {Transactions of the American Fisheries Society}
}

@article{mundy-evenson-2011,
	doi = {10.1093/icesjms/fsr080},
	url = {https://doi.org/10.1093%2Ficesjms%2Ffsr080},
	year = 2011,
	month = {jun},
	publisher = {Oxford University Press ({OUP})},
	volume = {68},
	number = {6},
	pages = {1155--1164},
	author = {P. R. Mundy and D. F. Evenson},
	title = {Environmental controls of phenology of high-latitude {Chinook} salmon populations of the {Yukon River, North America,} with application to fishery management},
	journal = {{ICES} Journal of Marine Science}
}

@article{omalley-etal-2010,
	doi = {10.1098/rspb.2010.0762},
	url = {https://doi.org/10.1098%2Frspb.2010.0762},
	year = 2010,
	month = {jul},
	publisher = {The Royal Society},
	volume = {277},
	number = {1701},
	pages = {3703--3714},
	author = {K. G. O{\textquotesingle}Malley and M. J. Ford and J. J. Hard},
	title = {Clock polymorphism in {Pacific} salmon: evidence for variable selection along a latitudinal gradient},
	journal = {Proceedings of the Royal Society B: Biological Sciences}
}

@article{quinn-etal-2000,
	doi = {10.1111/j.0014-3820.2000.tb00569.x},
	url = {https://doi.org/10.1111%2Fj.0014-3820.2000.tb00569.x},
	year = 2000,
	month = {aug},
	publisher = {Wiley},
	volume = {54},
	number = {4},
	pages = {1372--1385},
	author = {Thomas P. Quinn and Martin J. Unwin and Michael T. Kinnison},
	title = {Evolution of temporal isolation in the wild: genetic divergence in the timing of migration and breeding by introduced {Chinook} salmon populations},
	journal = {Evolution}
}

@article{walters-holling-1990,
	doi = {10.2307/1938620},
	url = {https://doi.org/10.2307%2F1938620},
	year = 1990,
	month = {dec},
	publisher = {Wiley},
	volume = {71},
	number = {6},
	pages = {2060--2068},
	author = {Carl J. Walters and C. S. Holling},
	title = {Large-Scale Management Experiments and Learning by Doing},
	journal = {Ecology}
}

@article{reynolds-etal-2007,
	doi = {10.1175/2007jcli1824.1},
	url = {https://doi.org/10.1175%2F2007jcli1824.1},
	year = 2007,
	month = {nov},
	publisher = {American Meteorological Society},
	volume = {20},
	number = {22},
	pages = {5473--5496},
	author = {Richard W. Reynolds and Thomas M. Smith and Chunying Liu and Dudley B. Chelton and Kenneth S. Casey and Michael G. Schlax},
	title = {Daily High-Resolution-Blended Analyses for Sea Surface Temperature},
	journal = {Journal of Climate}
}

@article{vandepol-etal-2016,
	doi = {10.1111/2041-210x.12590},
	url = {https://doi.org/10.1111%2F2041-210x.12590},
	year = 2016,
	month = {jul},
	publisher = {Wiley},
	volume = {7},
	number = {10},
	pages = {1246--1257},
	author = {Martijn van de Pol and Liam D. Bailey and Nina McLean and Laurie Rijsdijk and Callum R. Lawson and Lyanne Brouwer},
	editor = {Olivier Gimenez},
	title = {Identifying the best climatic predictors in ecology and evolution},
	journal = {Methods in Ecology and Evolution}
}

@article{arlot-celisse-2010,
	doi = {10.1214/09-ss054},
	url = {https://doi.org/10.1214%2F09-ss054},
	year = 2010,
	publisher = {Institute of Mathematical Statistics},
	volume = {4},
	number = {0},
	pages = {40--79},
	author = {Sylvain Arlot and Alain Celisse},
	title = {A survey of cross-validation procedures for model selection},
	journal = {Statistics Surveys}
}

@article{bailey-vandepol-2016,
	doi = {10.1371/journal.pone.0167980},
	url = {https://doi.org/10.1371%2Fjournal.pone.0167980},
	year = 2016,
	month = {dec},
	publisher = {Public Library of Science ({PLoS})},
	volume = {11},
	number = {12},
	pages = {e0167980},
	author = {Liam D. Bailey and Martijn van de Pol},
	editor = {Shijo Joseph},
	title = {climwin: An {R} Toolbox for Climate Window Analysis},
	journal = {{PLOS} {ONE}}
}

@book{burnham-anderson-2002,
	doi = {10.1007/b97636},
	url = {https://doi.org/10.1007%2Fb97636},
	year = {2002},
	publisher = {Springer New York},
	editor = {Kenneth P. Burnham and David R. Anderson},
	title = {Model Selection and Multimodel Inference}
}

@article{staton-etal-2017a,
	doi = {10.1016/j.fishres.2016.09.001},
	url = {https://doi.org/10.1016%2Fj.fishres.2016.09.001},
	year = 2017,
	month = {feb},
	publisher = {Elsevier {BV}},
	volume = {186},
	pages = {237--247},
	author = {Benjamin A. Staton and Matthew J. Catalano and Steven J. Fleischman},
	title = {From sequential to integrated {Bayesian} analyses: Exploring the continuum with a {Pacific} salmon spawner-recruit model},
	journal = {Fisheries Research}
}

@article{bromaghin-2005,
	doi = {10.1016/j.fishres.2005.03.004},
	url = {https://doi.org/10.1016%2Fj.fishres.2005.03.004},
	year = 2005,
	month = {aug},
	publisher = {Elsevier {BV}},
	volume = {74},
	number = {1-3},
	pages = {157--168},
	author = {Jeffrey F. Bromaghin},
	title = {A versatile net selectivity model, with application to {Pacific} salmon and freshwater species of the {Yukon River, Alaska}},
	journal = {Fisheries Research}
}

@article{keefer-etal-2004,
	doi = {10.1111/j.0022-1112.2004.00522.x},
	url = {https://doi.org/10.1111%2Fj.0022-1112.2004.00522.x},
	year = 2004,
	month = {oct},
	publisher = {Wiley},
	volume = {65},
	number = {4},
	pages = {1126--1141},
	author = {M. L. Keefer and C. A. Peery and M. A. Jepson and L. C. Stuehrenberg},
	title = {Upstream migration rates of radio-tagged adult {Chinook} salmon in riverine habitats of the {Columbia River} basin},
	journal = {Journal of Fish Biology}
}

@article{eiler-etal-2015,
	doi = {10.1371/journal.pone.0123127},
	url = {https://doi.org/10.1371%2Fjournal.pone.0123127},
	year = 2015,
	month = {apr},
	publisher = {Public Library of Science ({PLoS})},
	volume = {10},
	number = {4},
	pages = {e0123127},
	author = {John H. Eiler and Allison N. Evans and Carl B. Schreck},
	editor = {Stephanie M. Carlson},
	title = {Migratory Patterns of Wild {Chinook} Salmon \emph{{Oncorhynchus} tshawytscha} Returning to a Large, Free-Flowing River Basin},
	journal = {{PLOS} {ONE}}
}

@article{salinger-anderson-2006,
	doi = {10.1577/t04-181.1},
	url = {https://doi.org/10.1577%2Ft04-181.1},
	year = 2006,
	month = {jan},
	publisher = {Wiley},
	volume = {135},
	number = {1},
	pages = {188--199},
	author = {David H. Salinger and James J. Anderson},
	title = {Effects of Water Temperature and Flow on Adult Salmon Migration Swim Speed and Delay},
	journal = {Transactions of the American Fisheries Society}
}

@Article{graham-2003,
  doi = {10.1890/02-3114},
  url = {https://doi.org/10.1890%2F02-3114},
  year = {2003},
  month = {nov},
  publisher = {Wiley},
  volume = {84},
  number = {11},
  pages = {2809--2815},
  author = {Michael H. Graham},
  title = {Confronting multicollinearity in ecological multiple regression},
  journal = {Ecology},
}

@Article{hamazaki-2008,
  doi = {10.1577/1548-8446-33.10.495},
  url = {https://doi.org/10.1577%2F1548-8446-33.10.495},
  year = {2008},
  month = {oct},
  publisher = {Wiley},
  volume = {33},
  number = {10},
  pages = {495--501},
  author = {Toshihide Hamazaki},
  title = {{\textquotedblleft}{When} people argue about fish, the fish disappear.{\textquotedblright} {Fishery} closure {\textquotedblleft}windows{\textquotedblright} scheduling as a means of changing the {Chinook} salmon subsistence fishery pattern: is it an effective tool?},
  journal = {Fisheries},
}
@Article{schnute-kronlund-2002,
  doi = {10.1139/f02-016},
  url = {https://doi.org/10.1139%2Ff02-016},
  year = {2002},
  month = {mar},
  publisher = {Canadian Science Publishing},
  volume = {59},
  number = {3},
  pages = {433--449},
  author = {J T Schnute and A R Kronlund},
  title = {Estimating salmon stock<U+0096>recruitment relationships from catch and escapement data},
  journal = {Canadian Journal of Fisheries and Aquatic Sciences},
}
@Article{hendry-quinn-1997,
  doi = {10.1139/f96-257},
  url = {https://doi.org/10.1139%2Ff96-257},
  year = {1997},
  month = {jan},
  publisher = {Canadian Science Publishing},
  volume = {54},
  number = {1},
  pages = {75--84},
  author = {A P Hendry and T P Quinn},
  title = {Variation in adult life history and morphology among {Lake Washington} sockeye salmon (\emph{{Oncorhynchus} nerka}) populations in relation to habitat features and ancestral affinities},
  journal = {Canadian Journal of Fisheries and Aquatic Sciences},
}
@Article{schindler-etal-2010,
  doi = {10.1038/nature09060},
  url = {https://doi.org/10.1038%2Fnature09060},
  year = {2010},
  month = {jun},
  publisher = {Springer Nature},
  volume = {465},
  number = {7298},
  pages = {609--612},
  author = {Daniel E. Schindler and Ray Hilborn and Brandon Chasco and Christopher P. Boatright and Thomas P. Quinn and Lauren A. Rogers and Michael S. Webster},
  title = {Population diversity and the portfolio effect in an exploited species},
  journal = {Nature},
}
@Article{schindler-etal-2015,
  doi = {10.1890/140275},
  url = {https://doi.org/10.1890%2F140275},
  year = {2015},
  month = {jun},
  publisher = {Wiley},
  volume = {13},
  number = {5},
  pages = {257--263},
  author = {Daniel E Schindler and Jonathan B Armstrong and Thomas E Reed},
  title = {The portfolio concept in ecology and evolution},
  journal = {Frontiers in Ecology and the Environment},
}
@Article{fleischman-etal-2013,
  doi = {10.1139/cjfas-2012-0112},
  url = {https://doi.org/10.1139%2Fcjfas-2012-0112},
  year = {2013},
  month = {mar},
  publisher = {Canadian Science Publishing},
  volume = {70},
  number = {3},
  pages = {401--414},
  author = {Steven J. Fleischman and Matthew J. Catalano and Robert A. Clark and David R. Bernard},
  editor = {Yong Chen},
  title = {An age-structured state-space stock{\textendash}recruit model for Pacific salmon (Oncorhynchus spp.)},
  journal = {Canadian Journal of Fisheries and Aquatic Sciences},
}
@Article{su-peterman-2012,
  doi = {10.1016/j.ecolmodel.2011.11.001},
  url = {https://doi.org/10.1016%2Fj.ecolmodel.2011.11.001},
  year = {2012},
  month = {jan},
  publisher = {Elsevier {BV}},
  volume = {224},
  number = {1},
  pages = {76--89},
  author = {Zhenming Su and Randall M. Peterman},
  title = {Performance of a Bayesian state-space model of semelparous species for stock-recruitment data subject to measurement error},
  journal = {Ecological Modelling},
}
@Article{devalpine-hastings-2002,
  doi = {10.1890/0012-9615(2002)072[0057:fpmipn]2.0.co;2},
  url = {https://doi.org/10.1890%2F0012-9615%282002%29072%5B0057%3Afpmipn%5D2.0.co%3B2},
  year = {2002},
  month = {feb},
  publisher = {Wiley},
  volume = {72},
  number = {1},
  pages = {57--76},
  author = {Perry {de Valpine} and Alan Hastings},
  title = {{FITTING} {POPULATION} {MODELS} {INCORPORATING} {PROCESS} {NOISE} {AND} {OBSERVATION} {ERROR}},
  journal = {Ecological Monographs},
}
@Book{newman-etal-2014,
  doi = {10.1007/978-1-4939-0977-3},
  url = {https://doi.org/10.1007%2F978-1-4939-0977-3},
  year = {2014},
  publisher = {Springer New York},
  author = {K. B. Newman and S. T. Buckland and B. J. T. Morgan and R. King and D. L. Borchers and D. J. Cole and P. Besbeas and O. Gimenez and L. Thomas},
  title = {Modelling Population Dynamics},
}
@Article{walters-1985,
  doi = {10.1139/f85-018},
  url = {https://doi.org/10.1139%2Ff85-018},
  year = {1985},
  month = {jan},
  publisher = {Canadian Science Publishing},
  volume = {42},
  number = {1},
  pages = {147--149},
  author = {Carl J. Walters},
  title = {Bias in the Estimation of Functional Relationships from Time Series Data},
  journal = {Canadian Journal of Fisheries and Aquatic Sciences},
}
@Article{ludwig-walters-1981,
  doi = {10.1139/f81-094},
  url = {https://doi.org/10.1139%2Ff81-094},
  year = {1981},
  month = {jun},
  publisher = {Canadian Science Publishing},
  volume = {38},
  number = {6},
  pages = {711--720},
  author = {Donald Ludwig and Carl J. Walters},
  title = {Measurement Errors and Uncertainty in Parameter Estimates for Stock and Recruitment},
  journal = {Canadian Journal of Fisheries and Aquatic Sciences},
}
@Article{ricker-1954,
  doi = {10.1139/f54-039},
  url = {https://doi.org/10.1139%2Ff54-039},
  year = {1954},
  month = {may},
  publisher = {Canadian Science Publishing},
  volume = {11},
  number = {5},
  pages = {559--623},
  author = {W. E. Ricker},
  title = {Stock and Recruitment},
  journal = {Journal of the Fisheries Research Board of Canada},
}
@Article{staton-etal-2017-intseq,
  doi = {10.1016/j.fishres.2016.09.001},
  url = {https://doi.org/10.1016%2Fj.fishres.2016.09.001},
  year = {2017},
  month = {feb},
  publisher = {Elsevier {BV}},
  volume = {186},
  pages = {237--247},
  author = {Benjamin A. Staton and Matthew J. Catalano and Steven J. Fleischman},
  title = {From sequential to integrated Bayesian analyses: Exploring the continuum with a Pacific salmon spawner-recruit model},
  journal = {Fisheries Research},
}
@Article{staton-etal-2017-rtf,
  doi = {10.1016/j.fishres.2017.05.003},
  url = {https://doi.org/10.1016%2Fj.fishres.2017.05.003},
  year = {2017},
  month = {oct},
  publisher = {Elsevier {BV}},
  volume = {194},
  pages = {9--21},
  author = {Benjamin A. Staton and Matthew J. Catalano and Troy M. Farmer and Asheber Abebe and F. Stephen Dobson},
  title = {Development and evaluation of a migration timing forecast model for Kuskokwim River Chinook salmon},
  journal = {Fisheries Research},
}
@Article{rose-etal-2001,
  doi = {10.1046/j.1467-2960.2001.00056.x},
  url = {https://doi.org/10.1046%2Fj.1467-2960.2001.00056.x},
  year = {2001},
  month = {dec},
  publisher = {Wiley},
  volume = {2},
  number = {4},
  pages = {293--327},
  author = {Kenneth A Rose and James H Cowan and Kirk O Winemiller and Ransom A Myers and Ray Hilborn},
  title = {Compensatory density dependence in fish populations: importance, controversy, understanding and prognosis},
  journal = {Fish and Fisheries},
}
@Article{flynn-hilborn-2004,
  doi = {10.1139/f03-142},
  url = {https://doi.org/10.1139%2Ff03-142},
  year = {2004},
  month = {jan},
  publisher = {Canadian Science Publishing},
  volume = {61},
  number = {1},
  pages = {80--92},
  author = {Lucy Flynn and Ray Hilborn},
  title = {Test fishery indices for sockeye salmon (Oncorhynchus nerka) as affected by age composition and environmental variables},
  journal = {Canadian Journal of Fisheries and Aquatic Sciences},
}
@Article{hyun-etal-2012,
  doi = {10.1016/j.fishres.2012.03.002},
  url = {https://doi.org/10.1016%2Fj.fishres.2012.03.002},
  year = {2012},
  month = {aug},
  publisher = {Elsevier {BV}},
  volume = {125-126},
  pages = {306--317},
  author = {Saang-Yoon Hyun and Rishi Sharma and John K. Carlile and James G. Norris and Gayle Brown and Ryan J. Briscoe and Diana Dobson},
  title = {Integrated forecasts of fall Chinook salmon returns to the Pacific northwest},
  journal = {Fisheries Research},
}
@Article{carney-adkison-2014,
  doi = {10.1080/02755947.2013.847876},
  url = {https://doi.org/10.1080%2F02755947.2013.847876},
  year = {2014},
  month = {jan},
  publisher = {Wiley},
  volume = {34},
  number = {1},
  pages = {159--174},
  author = {Justin M. Carney and Milo D. Adkison},
  title = {Evaluating the Performance of Two Salmon Management Strategies using Run Reconstruction},
  journal = {North American Journal of Fisheries Management},
}
@Article{cooke-1999,
  doi = {10.1006/jmsc.1999.0552},
  url = {https://doi.org/10.1006%2Fjmsc.1999.0552},
  year = {1999},
  month = {dec},
  publisher = {Oxford University Press ({OUP})},
  volume = {56},
  number = {6},
  pages = {797--810},
  author = {J Cooke},
  title = {Improvement of fishery-management advice through simulation testing of harvest algorithms},
  journal = {{ICES} Journal of Marine Science},
}
@Article{punt-etal-2014,
  doi = {10.1111/faf.12104},
  url = {https://doi.org/10.1111%2Ffaf.12104},
  year = {2014},
  month = {nov},
  publisher = {Wiley},
  volume = {17},
  number = {2},
  pages = {303--334},
  author = {Andr{\a'e} E Punt and Doug S Butterworth and Carryn L {de Moor} and Jos{\a'e} A A De Oliveira and Malcolm Haddon},
  title = {Management strategy evaluation: best practices},
  journal = {Fish and Fisheries},
}
@Article{butterworth-2007,
  doi = {10.1093/icesjms/fsm003},
  url = {https://doi.org/10.1093%2Ficesjms%2Ffsm003},
  year = {2007},
  month = {mar},
  publisher = {Oxford University Press ({OUP})},
  volume = {64},
  number = {4},
  pages = {613--617},
  author = {Doug S. Butterworth},
  title = {Why a management procedure approach? Some positives and negatives},
  journal = {{ICES} Journal of Marine Science},
}
@Article{su-adkison-2002,
  doi = {10.1139/f02-133},
  url = {https://doi.org/10.1139%2Ff02-133},
  year = {2002},
  month = {oct},
  publisher = {Canadian Science Publishing},
  volume = {59},
  number = {10},
  pages = {1648--1659},
  author = {Zhenming Su and Milo D Adkison},
  title = {Optimal in-season management of pink salmon (Oncorhynchus gorbuscha) given uncertain run sizes and seasonal changes in economic value},
  journal = {Canadian Journal of Fisheries and Aquatic Sciences},
}
