@book{cooley-1963,
  author = {R. A. Cooley},
  year = {1963},
  title = {Politics and conservation: the decline of the Alaska salmon},
  publisher = {Harper and Row},
}

@book {hilborn-walters-1992,
  author = {Ray Hilborn and Carl J. Walters},
  year = {1992},
  title = {Quantitative fisheries stock assessment: choice, dynamics, and uncertainty.},
  publisher = {Springer US},
  note = {ISBN 978-1461535980}
}

@book{walters-1986,
  author = {Carl J. Walters},
  year = {1986},
  title = {Adaptive Management of Renewable Resources},
  publisher = {Blackburn Press},
  note = {ISBN 978-1930665439}
}

@book{walters-martell-2004,
  author = {Carl J. Walters and Steven J. D. Martell},
  year = {2004},
  title = {Fisheries Ecology and Management},
  publisher = {Princeton University Press},
  note = {ISBN 978-0691115450}
}

@book{xie-2015,
  title = {Dynamic Documents with {R} and knitr},
  author = {Yihui Xie},
  publisher = {Chapman and Hall/CRC},
  address = {Boca Raton, Florida},
  year = {2015},
  edition = {2nd},
  note = {ISBN 978-1498716963},
  url = {http://yihui.name/knitr/},
}